<?xml version="1.0" encoding="UTF-8"?><collection xmlns="http://www.loc.gov/MARC21/slim"><record><leader>00541nam--2200193-i-4500</leader><controlfield tag="001">000030201</controlfield><controlfield tag="002">20161230</controlfield><controlfield tag="005">20161230201038</controlfield><controlfield tag="008">060222s1000------------r-----000-0-fre-d</controlfield><datafield ind1=" " ind2=" " tag="040"><subfield code="a">IFIN-HH</subfield></datafield><datafield ind1=" " ind2=" " tag="041"><subfield code="a">fre</subfield></datafield><datafield ind1=" " ind2=" " tag="080"><subfield code="a">53(076)</subfield></datafield><datafield ind1="1" ind2=" " tag="100"><subfield code="a">Lumbroso, Hubert</subfield></datafield><datafield ind1="1" ind2="0" tag="245"><subfield code="a">Problelmes de physique commentes. tome ii: mp-pc. 2-e annee</subfield><subfield code="c">Hubert lumbroso</subfield></datafield><datafield ind1=" " ind2=" " tag="260"><subfield code="a">Paris</subfield><subfield code="b">Masson Et C-ie, Editeurs</subfield><subfield code="c">1971</subfield></datafield><datafield ind1=" " ind2=" " tag="300"><subfield code="a">VI + 462P</subfield></datafield><datafield ind1=" " ind2=" " tag="490"><subfield code="a">Enseignement Superieur. Premier Cycle</subfield></datafield><datafield ind1=" " ind2=" " tag="852"><subfield code="a">35732</subfield><subfield code="c">53</subfield></datafield><datafield ind1=" " ind2=" " tag="CAT"><subfield code="a">Sys</subfield><subfield code="c">20150310</subfield><subfield code="h">153008</subfield></datafield></record></collection>